%YAML 1.1
%TAG !u! tag:unity3d.com,2011:
--- !u!1 &1871918002990522397
GameObject:
  m_ObjectHideFlags: 0
  m_CorrespondingSourceObject: {fileID: 0}
  m_PrefabInstance: {fileID: 0}
  m_PrefabAsset: {fileID: 0}
  serializedVersion: 6
  m_Component:
  - component: {fileID: 1871918002990522398}
  - component: {fileID: 1871918002990522393}
  - component: {fileID: 1871918002990522392}
  - component: {fileID: 1871918002990522399}
  m_Layer: 11
  m_Name: wallObs
  m_TagString: Untagged
  m_Icon: {fileID: 0}
  m_NavMeshLayer: 0
  m_StaticEditorFlags: 0
  m_IsActive: 1
--- !u!4 &1871918002990522398
Transform:
  m_ObjectHideFlags: 0
  m_CorrespondingSourceObject: {fileID: 0}
  m_PrefabInstance: {fileID: 0}
  m_PrefabAsset: {fileID: 0}
  m_GameObject: {fileID: 1871918002990522397}
  m_LocalRotation: {x: 0, y: 0, z: 0, w: 1}
  m_LocalPosition: {x: 0, y: 0, z: 0}
  m_LocalScale: {x: 1, y: 1, z: 1}
  m_Children:
  - {fileID: 1871918005111721277}
  - {fileID: 1871918004658500955}
  - {fileID: 1871918003015335599}
  - {fileID: 1871918003803485847}
  - {fileID: 680786937402898401}
  - {fileID: 4961374831919014439}
  - {fileID: 1132023654842366258}
  - {fileID: 1040564539620941539}
  - {fileID: 4175022485855046798}
  m_Father: {fileID: 0}
  m_RootOrder: 0
  m_LocalEulerAnglesHint: {x: 0, y: 0, z: 0}
--- !u!65 &1871918002990522393
BoxCollider:
  m_ObjectHideFlags: 0
  m_CorrespondingSourceObject: {fileID: 0}
  m_PrefabInstance: {fileID: 0}
  m_PrefabAsset: {fileID: 0}
  m_GameObject: {fileID: 1871918002990522397}
  m_Material: {fileID: 0}
  m_IsTrigger: 0
  m_Enabled: 0
  serializedVersion: 2
  m_Size: {x: 3, y: 1, z: 0.25}
  m_Center: {x: 0, y: 0, z: 0}
--- !u!54 &1871918002990522392
Rigidbody:
  m_ObjectHideFlags: 0
  m_CorrespondingSourceObject: {fileID: 0}
  m_PrefabInstance: {fileID: 0}
  m_PrefabAsset: {fileID: 0}
  m_GameObject: {fileID: 1871918002990522397}
  serializedVersion: 2
  m_Mass: 1
  m_Drag: 0
  m_AngularDrag: 0.05
  m_UseGravity: 0
  m_IsKinematic: 0
  m_Interpolate: 0
  m_Constraints: 126
  m_CollisionDetection: 0
--- !u!114 &1871918002990522399
MonoBehaviour:
  m_ObjectHideFlags: 0
  m_CorrespondingSourceObject: {fileID: 0}
  m_PrefabInstance: {fileID: 0}
  m_PrefabAsset: {fileID: 0}
  m_GameObject: {fileID: 1871918002990522397}
  m_Enabled: 1
  m_EditorHideFlags: 0
  m_Script: {fileID: 11500000, guid: 7cd0e58dc97f2634192c73fe4a20ab28, type: 3}
  m_Name: 
  m_EditorClassIdentifier: 
  gridExits: []
  coverPoints:
  - {fileID: 5465525476626514440}
  - {fileID: 464308873861486542}
  - {fileID: 5556905302311046363}
  obstacleDistanceIndex: 0
  solidBlocks:
  - {fileID: 1871918004658500954}
  - {fileID: 1871918003015335598}
  - {fileID: 1871918003803485846}
  manualExitAssign: 0
  newExitPointSyatem: 0
  exitPoints: []
  manualExitIndexes: 
  noGridOccupying: 0
--- !u!1 &1871918003015335598
GameObject:
  m_ObjectHideFlags: 0
  m_CorrespondingSourceObject: {fileID: 0}
  m_PrefabInstance: {fileID: 0}
  m_PrefabAsset: {fileID: 0}
  serializedVersion: 6
  m_Component:
  - component: {fileID: 1871918003015335599}
  m_Layer: 11
  m_Name: solidBlock (1)
  m_TagString: Untagged
  m_Icon: {fileID: 0}
  m_NavMeshLayer: 0
  m_StaticEditorFlags: 0
  m_IsActive: 1
--- !u!4 &1871918003015335599
Transform:
  m_ObjectHideFlags: 0
  m_CorrespondingSourceObject: {fileID: 0}
  m_PrefabInstance: {fileID: 0}
  m_PrefabAsset: {fileID: 0}
  m_GameObject: {fileID: 1871918003015335598}
  m_LocalRotation: {x: 0, y: 0, z: 0, w: 1}
  m_LocalPosition: {x: 0, y: 0, z: 0}
  m_LocalScale: {x: 1, y: 1, z: 1}
  m_Children:
  - {fileID: 1871918004399124385}
  m_Father: {fileID: 1871918002990522398}
  m_RootOrder: 2
  m_LocalEulerAnglesHint: {x: 0, y: 0, z: 0}
--- !u!1 &1871918003746901378
GameObject:
  m_ObjectHideFlags: 0
  m_CorrespondingSourceObject: {fileID: 0}
  m_PrefabInstance: {fileID: 0}
  m_PrefabAsset: {fileID: 0}
  serializedVersion: 6
  m_Component:
  - component: {fileID: 1871918003746901379}
  - component: {fileID: 1871918003746901118}
  - component: {fileID: 1871918003746901117}
  m_Layer: 11
  m_Name: Cube
  m_TagString: Untagged
  m_Icon: {fileID: 0}
  m_NavMeshLayer: 0
  m_StaticEditorFlags: 0
  m_IsActive: 1
--- !u!4 &1871918003746901379
Transform:
  m_ObjectHideFlags: 0
  m_CorrespondingSourceObject: {fileID: 0}
  m_PrefabInstance: {fileID: 0}
  m_PrefabAsset: {fileID: 0}
  m_GameObject: {fileID: 1871918003746901378}
  m_LocalRotation: {x: 0, y: 0, z: 0, w: 1}
  m_LocalPosition: {x: 0, y: 0, z: 0}
  m_LocalScale: {x: 0.18297298, y: 1.025368, z: 0.18297298}
  m_Children: []
  m_Father: {fileID: 1871918004658500955}
  m_RootOrder: 0
  m_LocalEulerAnglesHint: {x: 0, y: 0, z: 0}
--- !u!33 &1871918003746901118
MeshFilter:
  m_ObjectHideFlags: 0
  m_CorrespondingSourceObject: {fileID: 0}
  m_PrefabInstance: {fileID: 0}
  m_PrefabAsset: {fileID: 0}
  m_GameObject: {fileID: 1871918003746901378}
  m_Mesh: {fileID: 10202, guid: 0000000000000000e000000000000000, type: 0}
--- !u!23 &1871918003746901117
MeshRenderer:
  m_ObjectHideFlags: 0
  m_CorrespondingSourceObject: {fileID: 0}
  m_PrefabInstance: {fileID: 0}
  m_PrefabAsset: {fileID: 0}
  m_GameObject: {fileID: 1871918003746901378}
  m_Enabled: 1
  m_CastShadows: 1
  m_ReceiveShadows: 1
  m_DynamicOccludee: 1
  m_MotionVectors: 1
  m_LightProbeUsage: 1
  m_ReflectionProbeUsage: 1
  m_RayTracingMode: 2
  m_RenderingLayerMask: 1
  m_RendererPriority: 0
  m_Materials:
  - {fileID: 2100000, guid: 31321ba15b8f8eb4c954353edc038b1d, type: 2}
  m_StaticBatchInfo:
    firstSubMesh: 0
    subMeshCount: 0
  m_StaticBatchRoot: {fileID: 0}
  m_ProbeAnchor: {fileID: 0}
  m_LightProbeVolumeOverride: {fileID: 0}
  m_ScaleInLightmap: 1
  m_ReceiveGI: 1
  m_PreserveUVs: 0
  m_IgnoreNormalsForChartDetection: 0
  m_ImportantGI: 0
  m_StitchLightmapSeams: 1
  m_SelectedEditorRenderState: 3
  m_MinimumChartSize: 4
  m_AutoUVMaxDistance: 0.5
  m_AutoUVMaxAngle: 89
  m_LightmapParameters: {fileID: 0}
  m_SortingLayerID: 0
  m_SortingLayer: 0
  m_SortingOrder: 0
--- !u!1 &1871918003803485846
GameObject:
  m_ObjectHideFlags: 0
  m_CorrespondingSourceObject: {fileID: 0}
  m_PrefabInstance: {fileID: 0}
  m_PrefabAsset: {fileID: 0}
  serializedVersion: 6
  m_Component:
  - component: {fileID: 1871918003803485847}
  m_Layer: 11
  m_Name: solidBlock (2)
  m_TagString: Untagged
  m_Icon: {fileID: 0}
  m_NavMeshLayer: 0
  m_StaticEditorFlags: 0
  m_IsActive: 1
--- !u!4 &1871918003803485847
Transform:
  m_ObjectHideFlags: 0
  m_CorrespondingSourceObject: {fileID: 0}
  m_PrefabInstance: {fileID: 0}
  m_PrefabAsset: {fileID: 0}
  m_GameObject: {fileID: 1871918003803485846}
  m_LocalRotation: {x: 0, y: 0, z: 0, w: 1}
  m_LocalPosition: {x: 1, y: 0, z: 0}
  m_LocalScale: {x: 1, y: 1, z: 1}
  m_Children:
  - {fileID: 1871918004752555276}
  m_Father: {fileID: 1871918002990522398}
  m_RootOrder: 3
  m_LocalEulerAnglesHint: {x: 0, y: 0, z: 0}
--- !u!1 &1871918004399124384
GameObject:
  m_ObjectHideFlags: 0
  m_CorrespondingSourceObject: {fileID: 0}
  m_PrefabInstance: {fileID: 0}
  m_PrefabAsset: {fileID: 0}
  serializedVersion: 6
  m_Component:
  - component: {fileID: 1871918004399124385}
  - component: {fileID: 1871918004399124380}
  - component: {fileID: 1871918004399124387}
  m_Layer: 11
  m_Name: Cube
  m_TagString: Untagged
  m_Icon: {fileID: 0}
  m_NavMeshLayer: 0
  m_StaticEditorFlags: 0
  m_IsActive: 1
--- !u!4 &1871918004399124385
Transform:
  m_ObjectHideFlags: 0
  m_CorrespondingSourceObject: {fileID: 0}
  m_PrefabInstance: {fileID: 0}
  m_PrefabAsset: {fileID: 0}
  m_GameObject: {fileID: 1871918004399124384}
  m_LocalRotation: {x: 0, y: 0, z: 0, w: 1}
  m_LocalPosition: {x: 0, y: 0, z: 0}
  m_LocalScale: {x: 0.18297298, y: 1.025368, z: 0.18297298}
  m_Children: []
  m_Father: {fileID: 1871918003015335599}
  m_RootOrder: 0
  m_LocalEulerAnglesHint: {x: 0, y: 0, z: 0}
--- !u!33 &1871918004399124380
MeshFilter:
  m_ObjectHideFlags: 0
  m_CorrespondingSourceObject: {fileID: 0}
  m_PrefabInstance: {fileID: 0}
  m_PrefabAsset: {fileID: 0}
  m_GameObject: {fileID: 1871918004399124384}
  m_Mesh: {fileID: 10202, guid: 0000000000000000e000000000000000, type: 0}
--- !u!23 &1871918004399124387
MeshRenderer:
  m_ObjectHideFlags: 0
  m_CorrespondingSourceObject: {fileID: 0}
  m_PrefabInstance: {fileID: 0}
  m_PrefabAsset: {fileID: 0}
  m_GameObject: {fileID: 1871918004399124384}
  m_Enabled: 1
  m_CastShadows: 1
  m_ReceiveShadows: 1
  m_DynamicOccludee: 1
  m_MotionVectors: 1
  m_LightProbeUsage: 1
  m_ReflectionProbeUsage: 1
  m_RayTracingMode: 2
  m_RenderingLayerMask: 1
  m_RendererPriority: 0
  m_Materials:
  - {fileID: 2100000, guid: 31321ba15b8f8eb4c954353edc038b1d, type: 2}
  m_StaticBatchInfo:
    firstSubMesh: 0
    subMeshCount: 0
  m_StaticBatchRoot: {fileID: 0}
  m_ProbeAnchor: {fileID: 0}
  m_LightProbeVolumeOverride: {fileID: 0}
  m_ScaleInLightmap: 1
  m_ReceiveGI: 1
  m_PreserveUVs: 0
  m_IgnoreNormalsForChartDetection: 0
  m_ImportantGI: 0
  m_StitchLightmapSeams: 1
  m_SelectedEditorRenderState: 3
  m_MinimumChartSize: 4
  m_AutoUVMaxDistance: 0.5
  m_AutoUVMaxAngle: 89
  m_LightmapParameters: {fileID: 0}
  m_SortingLayerID: 0
  m_SortingLayer: 0
  m_SortingOrder: 0
--- !u!1 &1871918004658500954
GameObject:
  m_ObjectHideFlags: 0
  m_CorrespondingSourceObject: {fileID: 0}
  m_PrefabInstance: {fileID: 0}
  m_PrefabAsset: {fileID: 0}
  serializedVersion: 6
  m_Component:
  - component: {fileID: 1871918004658500955}
  m_Layer: 11
  m_Name: solidBlock
  m_TagString: Untagged
  m_Icon: {fileID: 0}
  m_NavMeshLayer: 0
  m_StaticEditorFlags: 0
  m_IsActive: 1
--- !u!4 &1871918004658500955
Transform:
  m_ObjectHideFlags: 0
  m_CorrespondingSourceObject: {fileID: 0}
  m_PrefabInstance: {fileID: 0}
  m_PrefabAsset: {fileID: 0}
  m_GameObject: {fileID: 1871918004658500954}
  m_LocalRotation: {x: 0, y: 0, z: 0, w: 1}
  m_LocalPosition: {x: -1, y: 0, z: 0}
  m_LocalScale: {x: 1, y: 1, z: 1}
  m_Children:
  - {fileID: 1871918003746901379}
  m_Father: {fileID: 1871918002990522398}
  m_RootOrder: 1
  m_LocalEulerAnglesHint: {x: 0, y: 0, z: 0}
--- !u!1 &1871918004752555283
GameObject:
  m_ObjectHideFlags: 0
  m_CorrespondingSourceObject: {fileID: 0}
  m_PrefabInstance: {fileID: 0}
  m_PrefabAsset: {fileID: 0}
  serializedVersion: 6
  m_Component:
  - component: {fileID: 1871918004752555276}
  - component: {fileID: 1871918004752555279}
  - component: {fileID: 1871918004752555278}
  m_Layer: 11
  m_Name: Cube
  m_TagString: Untagged
  m_Icon: {fileID: 0}
  m_NavMeshLayer: 0
  m_StaticEditorFlags: 0
  m_IsActive: 1
--- !u!4 &1871918004752555276
Transform:
  m_ObjectHideFlags: 0
  m_CorrespondingSourceObject: {fileID: 0}
  m_PrefabInstance: {fileID: 0}
  m_PrefabAsset: {fileID: 0}
  m_GameObject: {fileID: 1871918004752555283}
  m_LocalRotation: {x: 0, y: 0, z: 0, w: 1}
  m_LocalPosition: {x: 0, y: 0, z: 0}
  m_LocalScale: {x: 0.18297298, y: 1.025368, z: 0.18297298}
  m_Children: []
  m_Father: {fileID: 1871918003803485847}
  m_RootOrder: 0
  m_LocalEulerAnglesHint: {x: 0, y: 0, z: 0}
--- !u!33 &1871918004752555279
MeshFilter:
  m_ObjectHideFlags: 0
  m_CorrespondingSourceObject: {fileID: 0}
  m_PrefabInstance: {fileID: 0}
  m_PrefabAsset: {fileID: 0}
  m_GameObject: {fileID: 1871918004752555283}
  m_Mesh: {fileID: 10202, guid: 0000000000000000e000000000000000, type: 0}
--- !u!23 &1871918004752555278
MeshRenderer:
  m_ObjectHideFlags: 0
  m_CorrespondingSourceObject: {fileID: 0}
  m_PrefabInstance: {fileID: 0}
  m_PrefabAsset: {fileID: 0}
  m_GameObject: {fileID: 1871918004752555283}
  m_Enabled: 1
  m_CastShadows: 1
  m_ReceiveShadows: 1
  m_DynamicOccludee: 1
  m_MotionVectors: 1
  m_LightProbeUsage: 1
  m_ReflectionProbeUsage: 1
  m_RayTracingMode: 2
  m_RenderingLayerMask: 1
  m_RendererPriority: 0
  m_Materials:
  - {fileID: 2100000, guid: 31321ba15b8f8eb4c954353edc038b1d, type: 2}
  m_StaticBatchInfo:
    firstSubMesh: 0
    subMeshCount: 0
  m_StaticBatchRoot: {fileID: 0}
  m_ProbeAnchor: {fileID: 0}
  m_LightProbeVolumeOverride: {fileID: 0}
  m_ScaleInLightmap: 1
  m_ReceiveGI: 1
  m_PreserveUVs: 0
  m_IgnoreNormalsForChartDetection: 0
  m_ImportantGI: 0
  m_StitchLightmapSeams: 1
  m_SelectedEditorRenderState: 3
  m_MinimumChartSize: 4
  m_AutoUVMaxDistance: 0.5
  m_AutoUVMaxAngle: 89
  m_LightmapParameters: {fileID: 0}
  m_SortingLayerID: 0
  m_SortingLayer: 0
  m_SortingOrder: 0
--- !u!1 &1871918005111721276
GameObject:
  m_ObjectHideFlags: 0
  m_CorrespondingSourceObject: {fileID: 0}
  m_PrefabInstance: {fileID: 0}
  m_PrefabAsset: {fileID: 0}
  serializedVersion: 6
  m_Component:
  - component: {fileID: 1871918005111721277}
  - component: {fileID: 1871918005111721279}
  - component: {fileID: 1871918005111721278}
  - component: {fileID: 6836567321268186650}
  m_Layer: 11
  m_Name: visual (1)
  m_TagString: Untagged
  m_Icon: {fileID: 0}
  m_NavMeshLayer: 0
  m_StaticEditorFlags: 0
  m_IsActive: 1
--- !u!4 &1871918005111721277
Transform:
  m_ObjectHideFlags: 0
  m_CorrespondingSourceObject: {fileID: 0}
  m_PrefabInstance: {fileID: 0}
  m_PrefabAsset: {fileID: 0}
  m_GameObject: {fileID: 1871918005111721276}
  m_LocalRotation: {x: -0, y: -0, z: -0, w: 1}
  m_LocalPosition: {x: 0, y: 0, z: 0}
  m_LocalScale: {x: 3, y: 0.5905404, z: 0.17446472}
  m_Children: []
  m_Father: {fileID: 1871918002990522398}
  m_RootOrder: 0
  m_LocalEulerAnglesHint: {x: 0, y: 0, z: 0}
--- !u!33 &1871918005111721279
MeshFilter:
  m_ObjectHideFlags: 0
  m_CorrespondingSourceObject: {fileID: 0}
  m_PrefabInstance: {fileID: 0}
  m_PrefabAsset: {fileID: 0}
  m_GameObject: {fileID: 1871918005111721276}
  m_Mesh: {fileID: 10202, guid: 0000000000000000e000000000000000, type: 0}
--- !u!23 &1871918005111721278
MeshRenderer:
  m_ObjectHideFlags: 0
  m_CorrespondingSourceObject: {fileID: 0}
  m_PrefabInstance: {fileID: 0}
  m_PrefabAsset: {fileID: 0}
  m_GameObject: {fileID: 1871918005111721276}
  m_Enabled: 1
  m_CastShadows: 1
  m_ReceiveShadows: 1
  m_DynamicOccludee: 1
  m_MotionVectors: 1
  m_LightProbeUsage: 1
  m_ReflectionProbeUsage: 1
  m_RayTracingMode: 2
  m_RenderingLayerMask: 1
  m_RendererPriority: 0
  m_Materials:
  - {fileID: 2100000, guid: 5b6dece0af6d043499eed9b572f96d5f, type: 2}
  m_StaticBatchInfo:
    firstSubMesh: 0
    subMeshCount: 0
  m_StaticBatchRoot: {fileID: 0}
  m_ProbeAnchor: {fileID: 0}
  m_LightProbeVolumeOverride: {fileID: 0}
  m_ScaleInLightmap: 1
  m_ReceiveGI: 1
  m_PreserveUVs: 0
  m_IgnoreNormalsForChartDetection: 0
  m_ImportantGI: 0
  m_StitchLightmapSeams: 1
  m_SelectedEditorRenderState: 3
  m_MinimumChartSize: 4
  m_AutoUVMaxDistance: 0.5
  m_AutoUVMaxAngle: 89
  m_LightmapParameters: {fileID: 0}
  m_SortingLayerID: 0
  m_SortingLayer: 0
  m_SortingOrder: 0
--- !u!65 &6836567321268186650
BoxCollider:
  m_ObjectHideFlags: 0
  m_CorrespondingSourceObject: {fileID: 0}
  m_PrefabInstance: {fileID: 0}
  m_PrefabAsset: {fileID: 0}
  m_GameObject: {fileID: 1871918005111721276}
  m_Material: {fileID: 0}
  m_IsTrigger: 0
  m_Enabled: 1
  serializedVersion: 2
  m_Size: {x: 1, y: 1, z: 0.99999994}
  m_Center: {x: 0, y: 0, z: 0}
--- !u!1001 &1156587406097605597
PrefabInstance:
  m_ObjectHideFlags: 0
  serializedVersion: 2
  m_Modification:
    m_TransformParent: {fileID: 1871918002990522398}
    m_Modifications:
    - target: {fileID: 2197147427274374462, guid: 9ae5902f4d9d8864dacb8e39c76f97b7,
        type: 3}
      propertyPath: m_LocalPosition.x
      value: 2
      objectReference: {fileID: 0}
    - target: {fileID: 2197147427274374462, guid: 9ae5902f4d9d8864dacb8e39c76f97b7,
        type: 3}
      propertyPath: m_LocalPosition.y
      value: 0
      objectReference: {fileID: 0}
    - target: {fileID: 2197147427274374462, guid: 9ae5902f4d9d8864dacb8e39c76f97b7,
        type: 3}
      propertyPath: m_LocalPosition.z
      value: 0
      objectReference: {fileID: 0}
    - target: {fileID: 2197147427274374462, guid: 9ae5902f4d9d8864dacb8e39c76f97b7,
        type: 3}
      propertyPath: m_LocalRotation.x
      value: 0
      objectReference: {fileID: 0}
    - target: {fileID: 2197147427274374462, guid: 9ae5902f4d9d8864dacb8e39c76f97b7,
        type: 3}
      propertyPath: m_LocalRotation.y
      value: 0
      objectReference: {fileID: 0}
    - target: {fileID: 2197147427274374462, guid: 9ae5902f4d9d8864dacb8e39c76f97b7,
        type: 3}
      propertyPath: m_LocalRotation.z
      value: 0
      objectReference: {fileID: 0}
    - target: {fileID: 2197147427274374462, guid: 9ae5902f4d9d8864dacb8e39c76f97b7,
        type: 3}
      propertyPath: m_LocalRotation.w
      value: 1
      objectReference: {fileID: 0}
    - target: {fileID: 2197147427274374462, guid: 9ae5902f4d9d8864dacb8e39c76f97b7,
        type: 3}
      propertyPath: m_RootOrder
      value: 7
      objectReference: {fileID: 0}
    - target: {fileID: 2197147427274374462, guid: 9ae5902f4d9d8864dacb8e39c76f97b7,
        type: 3}
      propertyPath: m_LocalEulerAnglesHint.x
      value: 0
      objectReference: {fileID: 0}
    - target: {fileID: 2197147427274374462, guid: 9ae5902f4d9d8864dacb8e39c76f97b7,
        type: 3}
      propertyPath: m_LocalEulerAnglesHint.y
      value: 0
      objectReference: {fileID: 0}
    - target: {fileID: 2197147427274374462, guid: 9ae5902f4d9d8864dacb8e39c76f97b7,
        type: 3}
      propertyPath: m_LocalEulerAnglesHint.z
      value: 0
      objectReference: {fileID: 0}
    - target: {fileID: 2347949116113037767, guid: 9ae5902f4d9d8864dacb8e39c76f97b7,
        type: 3}
      propertyPath: m_Name
      value: exitPoint
      objectReference: {fileID: 0}
    m_RemovedComponents: []
  m_SourcePrefab: {fileID: 100100000, guid: 9ae5902f4d9d8864dacb8e39c76f97b7, type: 3}
--- !u!4 &1040564539620941539 stripped
Transform:
  m_CorrespondingSourceObject: {fileID: 2197147427274374462, guid: 9ae5902f4d9d8864dacb8e39c76f97b7,
    type: 3}
  m_PrefabInstance: {fileID: 1156587406097605597}
  m_PrefabAsset: {fileID: 0}
--- !u!1001 &1224294010762188190
PrefabInstance:
  m_ObjectHideFlags: 0
  serializedVersion: 2
  m_Modification:
    m_TransformParent: {fileID: 1871918002990522398}
    m_Modifications:
    - target: {fileID: 1841749005390733950, guid: 9168884a8f8c0774ab3e27430557eba9,
        type: 3}
      propertyPath: m_Name
      value: coverPoint
      objectReference: {fileID: 0}
    - target: {fileID: 1841749005390733951, guid: 9168884a8f8c0774ab3e27430557eba9,
        type: 3}
      propertyPath: m_LocalPosition.x
      value: -1
      objectReference: {fileID: 0}
    - target: {fileID: 1841749005390733951, guid: 9168884a8f8c0774ab3e27430557eba9,
        type: 3}
      propertyPath: m_LocalPosition.y
      value: 0
      objectReference: {fileID: 0}
    - target: {fileID: 1841749005390733951, guid: 9168884a8f8c0774ab3e27430557eba9,
        type: 3}
      propertyPath: m_LocalPosition.z
      value: 1
      objectReference: {fileID: 0}
    - target: {fileID: 1841749005390733951, guid: 9168884a8f8c0774ab3e27430557eba9,
        type: 3}
      propertyPath: m_LocalRotation.x
      value: 0
      objectReference: {fileID: 0}
    - target: {fileID: 1841749005390733951, guid: 9168884a8f8c0774ab3e27430557eba9,
        type: 3}
      propertyPath: m_LocalRotation.y
      value: 0
      objectReference: {fileID: 0}
    - target: {fileID: 1841749005390733951, guid: 9168884a8f8c0774ab3e27430557eba9,
        type: 3}
      propertyPath: m_LocalRotation.z
      value: 0
      objectReference: {fileID: 0}
    - target: {fileID: 1841749005390733951, guid: 9168884a8f8c0774ab3e27430557eba9,
        type: 3}
      propertyPath: m_LocalRotation.w
      value: 1
      objectReference: {fileID: 0}
    - target: {fileID: 1841749005390733951, guid: 9168884a8f8c0774ab3e27430557eba9,
        type: 3}
      propertyPath: m_RootOrder
      value: 4
      objectReference: {fileID: 0}
    - target: {fileID: 1841749005390733951, guid: 9168884a8f8c0774ab3e27430557eba9,
        type: 3}
      propertyPath: m_LocalEulerAnglesHint.x
      value: 0
      objectReference: {fileID: 0}
    - target: {fileID: 1841749005390733951, guid: 9168884a8f8c0774ab3e27430557eba9,
        type: 3}
      propertyPath: m_LocalEulerAnglesHint.y
      value: 0
      objectReference: {fileID: 0}
    - target: {fileID: 1841749005390733951, guid: 9168884a8f8c0774ab3e27430557eba9,
        type: 3}
      propertyPath: m_LocalEulerAnglesHint.z
      value: 0
      objectReference: {fileID: 0}
    m_RemovedComponents: []
  m_SourcePrefab: {fileID: 100100000, guid: 9168884a8f8c0774ab3e27430557eba9, type: 3}
--- !u!4 &680786937402898401 stripped
Transform:
  m_CorrespondingSourceObject: {fileID: 1841749005390733951, guid: 9168884a8f8c0774ab3e27430557eba9,
    type: 3}
  m_PrefabInstance: {fileID: 1224294010762188190}
  m_PrefabAsset: {fileID: 0}
--- !u!114 &5465525476626514440 stripped
MonoBehaviour:
  m_CorrespondingSourceObject: {fileID: 6567623317014288278, guid: 9168884a8f8c0774ab3e27430557eba9,
    type: 3}
  m_PrefabInstance: {fileID: 1224294010762188190}
  m_PrefabAsset: {fileID: 0}
  m_GameObject: {fileID: 0}
  m_Enabled: 1
  m_EditorHideFlags: 0
  m_Script: {fileID: 11500000, guid: ad199319fd50bbf4c84bbaddd5f8fb7f, type: 3}
  m_Name: 
  m_EditorClassIdentifier: 
--- !u!1001 &1601862489329998669
PrefabInstance:
  m_ObjectHideFlags: 0
  serializedVersion: 2
  m_Modification:
    m_TransformParent: {fileID: 1871918002990522398}
    m_Modifications:
    - target: {fileID: 1841749005390733950, guid: 9168884a8f8c0774ab3e27430557eba9,
        type: 3}
      propertyPath: m_Name
      value: coverPoint (2)
      objectReference: {fileID: 0}
    - target: {fileID: 1841749005390733951, guid: 9168884a8f8c0774ab3e27430557eba9,
        type: 3}
      propertyPath: m_LocalPosition.x
      value: 1
      objectReference: {fileID: 0}
    - target: {fileID: 1841749005390733951, guid: 9168884a8f8c0774ab3e27430557eba9,
        type: 3}
      propertyPath: m_LocalPosition.y
      value: 0
      objectReference: {fileID: 0}
    - target: {fileID: 1841749005390733951, guid: 9168884a8f8c0774ab3e27430557eba9,
        type: 3}
      propertyPath: m_LocalPosition.z
      value: 1
      objectReference: {fileID: 0}
    - target: {fileID: 1841749005390733951, guid: 9168884a8f8c0774ab3e27430557eba9,
        type: 3}
      propertyPath: m_LocalRotation.x
      value: 0
      objectReference: {fileID: 0}
    - target: {fileID: 1841749005390733951, guid: 9168884a8f8c0774ab3e27430557eba9,
        type: 3}
      propertyPath: m_LocalRotation.y
      value: 0
      objectReference: {fileID: 0}
    - target: {fileID: 1841749005390733951, guid: 9168884a8f8c0774ab3e27430557eba9,
        type: 3}
      propertyPath: m_LocalRotation.z
      value: 0
      objectReference: {fileID: 0}
    - target: {fileID: 1841749005390733951, guid: 9168884a8f8c0774ab3e27430557eba9,
        type: 3}
      propertyPath: m_LocalRotation.w
      value: 1
      objectReference: {fileID: 0}
    - target: {fileID: 1841749005390733951, guid: 9168884a8f8c0774ab3e27430557eba9,
        type: 3}
      propertyPath: m_RootOrder
      value: 6
      objectReference: {fileID: 0}
    - target: {fileID: 1841749005390733951, guid: 9168884a8f8c0774ab3e27430557eba9,
        type: 3}
      propertyPath: m_LocalEulerAnglesHint.x
      value: 0
      objectReference: {fileID: 0}
    - target: {fileID: 1841749005390733951, guid: 9168884a8f8c0774ab3e27430557eba9,
        type: 3}
      propertyPath: m_LocalEulerAnglesHint.y
      value: 0
      objectReference: {fileID: 0}
    - target: {fileID: 1841749005390733951, guid: 9168884a8f8c0774ab3e27430557eba9,
        type: 3}
      propertyPath: m_LocalEulerAnglesHint.z
      value: 0
      objectReference: {fileID: 0}
    m_RemovedComponents: []
  m_SourcePrefab: {fileID: 100100000, guid: 9168884a8f8c0774ab3e27430557eba9, type: 3}
--- !u!4 &1132023654842366258 stripped
Transform:
  m_CorrespondingSourceObject: {fileID: 1841749005390733951, guid: 9168884a8f8c0774ab3e27430557eba9,
    type: 3}
  m_PrefabInstance: {fileID: 1601862489329998669}
  m_PrefabAsset: {fileID: 0}
--- !u!114 &5556905302311046363 stripped
MonoBehaviour:
  m_CorrespondingSourceObject: {fileID: 6567623317014288278, guid: 9168884a8f8c0774ab3e27430557eba9,
    type: 3}
  m_PrefabInstance: {fileID: 1601862489329998669}
  m_PrefabAsset: {fileID: 0}
  m_GameObject: {fileID: 0}
  m_Enabled: 1
  m_EditorHideFlags: 0
  m_Script: {fileID: 11500000, guid: ad199319fd50bbf4c84bbaddd5f8fb7f, type: 3}
  m_Name: 
  m_EditorClassIdentifier: 
--- !u!1001 &2850071737456046512
PrefabInstance:
  m_ObjectHideFlags: 0
  serializedVersion: 2
  m_Modification:
    m_TransformParent: {fileID: 1871918002990522398}
    m_Modifications:
    - target: {fileID: 2197147427274374462, guid: 9ae5902f4d9d8864dacb8e39c76f97b7,
        type: 3}
      propertyPath: m_LocalPosition.x
      value: -2
      objectReference: {fileID: 0}
    - target: {fileID: 2197147427274374462, guid: 9ae5902f4d9d8864dacb8e39c76f97b7,
        type: 3}
      propertyPath: m_LocalPosition.y
      value: 0
      objectReference: {fileID: 0}
    - target: {fileID: 2197147427274374462, guid: 9ae5902f4d9d8864dacb8e39c76f97b7,
        type: 3}
      propertyPath: m_LocalPosition.z
      value: 0
      objectReference: {fileID: 0}
    - target: {fileID: 2197147427274374462, guid: 9ae5902f4d9d8864dacb8e39c76f97b7,
        type: 3}
      propertyPath: m_LocalRotation.x
      value: 0
      objectReference: {fileID: 0}
    - target: {fileID: 2197147427274374462, guid: 9ae5902f4d9d8864dacb8e39c76f97b7,
        type: 3}
      propertyPath: m_LocalRotation.y
      value: 0
      objectReference: {fileID: 0}
    - target: {fileID: 2197147427274374462, guid: 9ae5902f4d9d8864dacb8e39c76f97b7,
        type: 3}
      propertyPath: m_LocalRotation.z
      value: 0
      objectReference: {fileID: 0}
    - target: {fileID: 2197147427274374462, guid: 9ae5902f4d9d8864dacb8e39c76f97b7,
        type: 3}
      propertyPath: m_LocalRotation.w
      value: 1
      objectReference: {fileID: 0}
    - target: {fileID: 2197147427274374462, guid: 9ae5902f4d9d8864dacb8e39c76f97b7,
        type: 3}
      propertyPath: m_RootOrder
      value: 8
      objectReference: {fileID: 0}
    - target: {fileID: 2197147427274374462, guid: 9ae5902f4d9d8864dacb8e39c76f97b7,
        type: 3}
      propertyPath: m_LocalEulerAnglesHint.x
      value: 0
      objectReference: {fileID: 0}
    - target: {fileID: 2197147427274374462, guid: 9ae5902f4d9d8864dacb8e39c76f97b7,
        type: 3}
      propertyPath: m_LocalEulerAnglesHint.y
      value: 0
      objectReference: {fileID: 0}
    - target: {fileID: 2197147427274374462, guid: 9ae5902f4d9d8864dacb8e39c76f97b7,
        type: 3}
      propertyPath: m_LocalEulerAnglesHint.z
      value: 0
      objectReference: {fileID: 0}
    - target: {fileID: 2347949116113037767, guid: 9ae5902f4d9d8864dacb8e39c76f97b7,
        type: 3}
      propertyPath: m_Name
      value: exitPoint (1)
      objectReference: {fileID: 0}
    m_RemovedComponents: []
  m_SourcePrefab: {fileID: 100100000, guid: 9ae5902f4d9d8864dacb8e39c76f97b7, type: 3}
--- !u!4 &4175022485855046798 stripped
Transform:
  m_CorrespondingSourceObject: {fileID: 2197147427274374462, guid: 9ae5902f4d9d8864dacb8e39c76f97b7,
    type: 3}
  m_PrefabInstance: {fileID: 2850071737456046512}
  m_PrefabAsset: {fileID: 0}
--- !u!1001 &6725401370182467672
PrefabInstance:
  m_ObjectHideFlags: 0
  serializedVersion: 2
  m_Modification:
    m_TransformParent: {fileID: 1871918002990522398}
    m_Modifications:
    - target: {fileID: 1841749005390733950, guid: 9168884a8f8c0774ab3e27430557eba9,
        type: 3}
      propertyPath: m_Name
      value: coverPoint (1)
      objectReference: {fileID: 0}
    - target: {fileID: 1841749005390733951, guid: 9168884a8f8c0774ab3e27430557eba9,
        type: 3}
      propertyPath: m_LocalPosition.x
      value: 0
      objectReference: {fileID: 0}
    - target: {fileID: 1841749005390733951, guid: 9168884a8f8c0774ab3e27430557eba9,
        type: 3}
      propertyPath: m_LocalPosition.y
      value: 0
      objectReference: {fileID: 0}
    - target: {fileID: 1841749005390733951, guid: 9168884a8f8c0774ab3e27430557eba9,
        type: 3}
      propertyPath: m_LocalPosition.z
      value: 1
      objectReference: {fileID: 0}
    - target: {fileID: 1841749005390733951, guid: 9168884a8f8c0774ab3e27430557eba9,
        type: 3}
      propertyPath: m_LocalRotation.x
      value: 0
      objectReference: {fileID: 0}
    - target: {fileID: 1841749005390733951, guid: 9168884a8f8c0774ab3e27430557eba9,
        type: 3}
      propertyPath: m_LocalRotation.y
      value: 0
      objectReference: {fileID: 0}
    - target: {fileID: 1841749005390733951, guid: 9168884a8f8c0774ab3e27430557eba9,
        type: 3}
      propertyPath: m_LocalRotation.z
      value: 0
      objectReference: {fileID: 0}
    - target: {fileID: 1841749005390733951, guid: 9168884a8f8c0774ab3e27430557eba9,
        type: 3}
      propertyPath: m_LocalRotation.w
      value: 1
      objectReference: {fileID: 0}
    - target: {fileID: 1841749005390733951, guid: 9168884a8f8c0774ab3e27430557eba9,
        type: 3}
      propertyPath: m_RootOrder
      value: 5
      objectReference: {fileID: 0}
    - target: {fileID: 1841749005390733951, guid: 9168884a8f8c0774ab3e27430557eba9,
        type: 3}
      propertyPath: m_LocalEulerAnglesHint.x
      value: 0
      objectReference: {fileID: 0}
    - target: {fileID: 1841749005390733951, guid: 9168884a8f8c0774ab3e27430557eba9,
        type: 3}
      propertyPath: m_LocalEulerAnglesHint.y
      value: 0
      objectReference: {fileID: 0}
    - target: {fileID: 1841749005390733951, guid: 9168884a8f8c0774ab3e27430557eba9,
        type: 3}
      propertyPath: m_LocalEulerAnglesHint.z
      value: 0
      objectReference: {fileID: 0}
    m_RemovedComponents: []
  m_SourcePrefab: {fileID: 100100000, guid: 9168884a8f8c0774ab3e27430557eba9, type: 3}
--- !u!4 &4961374831919014439 stripped
Transform:
  m_CorrespondingSourceObject: {fileID: 1841749005390733951, guid: 9168884a8f8c0774ab3e27430557eba9,
    type: 3}
  m_PrefabInstance: {fileID: 6725401370182467672}
  m_PrefabAsset: {fileID: 0}
--- !u!114 &464308873861486542 stripped
MonoBehaviour:
  m_CorrespondingSourceObject: {fileID: 6567623317014288278, guid: 9168884a8f8c0774ab3e27430557eba9,
    type: 3}
  m_PrefabInstance: {fileID: 6725401370182467672}
  m_PrefabAsset: {fileID: 0}
  m_GameObject: {fileID: 0}
  m_Enabled: 1
  m_EditorHideFlags: 0
  m_Script: {fileID: 11500000, guid: ad199319fd50bbf4c84bbaddd5f8fb7f, type: 3}
  m_Name: 
  m_EditorClassIdentifier: 
