%YAML 1.1
%TAG !u! tag:unity3d.com,2011:
--- !u!1 &977916683852938768
GameObject:
  m_ObjectHideFlags: 0
  m_CorrespondingSourceObject: {fileID: 0}
  m_PrefabInstance: {fileID: 0}
  m_PrefabAsset: {fileID: 0}
  serializedVersion: 6
  m_Component:
  - component: {fileID: 4590985713552738353}
  m_Layer: 10
  m_Name: Turret
  m_TagString: Untagged
  m_Icon: {fileID: 0}
  m_NavMeshLayer: 0
  m_StaticEditorFlags: 0
  m_IsActive: 1
--- !u!4 &4590985713552738353
Transform:
  m_ObjectHideFlags: 0
  m_CorrespondingSourceObject: {fileID: 0}
  m_PrefabInstance: {fileID: 0}
  m_PrefabAsset: {fileID: 0}
  m_GameObject: {fileID: 977916683852938768}
  m_LocalRotation: {x: -0, y: -0, z: -0, w: 1}
  m_LocalPosition: {x: 0, y: 0, z: 0}
  m_LocalScale: {x: 1, y: 1, z: 1}
  m_Children:
  - {fileID: 2645996334233228779}
  - {fileID: 5185119921955585869}
  m_Father: {fileID: 5501193595133678617}
  m_RootOrder: 2
  m_LocalEulerAnglesHint: {x: 0, y: 0, z: 0}
--- !u!1 &2911865644151168611
GameObject:
  m_ObjectHideFlags: 0
  m_CorrespondingSourceObject: {fileID: 0}
  m_PrefabInstance: {fileID: 0}
  m_PrefabAsset: {fileID: 0}
  serializedVersion: 6
  m_Component:
  - component: {fileID: 2651852985680224567}
  m_Layer: 0
  m_Name: TankBoss
  m_TagString: Untagged
  m_Icon: {fileID: 0}
  m_NavMeshLayer: 0
  m_StaticEditorFlags: 0
  m_IsActive: 1
--- !u!4 &2651852985680224567
Transform:
  m_ObjectHideFlags: 0
  m_CorrespondingSourceObject: {fileID: 0}
  m_PrefabInstance: {fileID: 0}
  m_PrefabAsset: {fileID: 0}
  m_GameObject: {fileID: 2911865644151168611}
  m_LocalRotation: {x: -0, y: -0, z: -0, w: 1}
  m_LocalPosition: {x: 0, y: 0, z: 0}
  m_LocalScale: {x: 1, y: 1, z: 1}
  m_Children:
  - {fileID: 4094170208588816219}
  - {fileID: 9201419761709494183}
  - {fileID: 5060361626891903853}
  m_Father: {fileID: 5501193595133678617}
  m_RootOrder: 1
  m_LocalEulerAnglesHint: {x: 0, y: 0, z: 0}
--- !u!1 &3118846295533424042
GameObject:
  m_ObjectHideFlags: 0
  m_CorrespondingSourceObject: {fileID: 0}
  m_PrefabInstance: {fileID: 0}
  m_PrefabAsset: {fileID: 0}
  serializedVersion: 6
  m_Component:
  - component: {fileID: 723415929546899683}
  - component: {fileID: 7516516381347510830}
  - component: {fileID: 4681617428734178651}
  - component: {fileID: 3313678082448280883}
  m_Layer: 10
  m_Name: Cube (2)
  m_TagString: Untagged
  m_Icon: {fileID: 0}
  m_NavMeshLayer: 0
  m_StaticEditorFlags: 0
  m_IsActive: 0
--- !u!4 &723415929546899683
Transform:
  m_ObjectHideFlags: 0
  m_CorrespondingSourceObject: {fileID: 0}
  m_PrefabInstance: {fileID: 0}
  m_PrefabAsset: {fileID: 0}
  m_GameObject: {fileID: 3118846295533424042}
  m_LocalRotation: {x: -0, y: -0, z: -0, w: 1}
  m_LocalPosition: {x: 0, y: -1.033411, z: 0}
  m_LocalScale: {x: 1, y: 1, z: 1}
  m_Children:
  - {fileID: 1202334960586321973}
  m_Father: {fileID: 5501193595133678617}
  m_RootOrder: 0
  m_LocalEulerAnglesHint: {x: 0, y: 0, z: 0}
--- !u!33 &7516516381347510830
MeshFilter:
  m_ObjectHideFlags: 0
  m_CorrespondingSourceObject: {fileID: 0}
  m_PrefabInstance: {fileID: 0}
  m_PrefabAsset: {fileID: 0}
  m_GameObject: {fileID: 3118846295533424042}
  m_Mesh: {fileID: 10202, guid: 0000000000000000e000000000000000, type: 0}
--- !u!23 &4681617428734178651
MeshRenderer:
  m_ObjectHideFlags: 0
  m_CorrespondingSourceObject: {fileID: 0}
  m_PrefabInstance: {fileID: 0}
  m_PrefabAsset: {fileID: 0}
  m_GameObject: {fileID: 3118846295533424042}
  m_Enabled: 1
  m_CastShadows: 1
  m_ReceiveShadows: 1
  m_DynamicOccludee: 1
  m_MotionVectors: 1
  m_LightProbeUsage: 1
  m_ReflectionProbeUsage: 1
  m_RayTracingMode: 2
  m_RenderingLayerMask: 1
  m_RendererPriority: 0
  m_Materials:
  - {fileID: 2100000, guid: c62a6f55c1ee95c4f9636b50fb63ec9c, type: 2}
  m_StaticBatchInfo:
    firstSubMesh: 0
    subMeshCount: 0
  m_StaticBatchRoot: {fileID: 0}
  m_ProbeAnchor: {fileID: 0}
  m_LightProbeVolumeOverride: {fileID: 0}
  m_ScaleInLightmap: 1
  m_ReceiveGI: 1
  m_PreserveUVs: 0
  m_IgnoreNormalsForChartDetection: 0
  m_ImportantGI: 0
  m_StitchLightmapSeams: 1
  m_SelectedEditorRenderState: 3
  m_MinimumChartSize: 4
  m_AutoUVMaxDistance: 0.5
  m_AutoUVMaxAngle: 89
  m_LightmapParameters: {fileID: 0}
  m_SortingLayerID: 0
  m_SortingLayer: 0
  m_SortingOrder: 0
--- !u!65 &3313678082448280883
BoxCollider:
  m_ObjectHideFlags: 0
  m_CorrespondingSourceObject: {fileID: 0}
  m_PrefabInstance: {fileID: 0}
  m_PrefabAsset: {fileID: 0}
  m_GameObject: {fileID: 3118846295533424042}
  m_Material: {fileID: 0}
  m_IsTrigger: 0
  m_Enabled: 0
  serializedVersion: 2
  m_Size: {x: 1, y: 1, z: 1}
  m_Center: {x: 0, y: 0, z: 0}
--- !u!1 &3628154084077994747
GameObject:
  m_ObjectHideFlags: 0
  m_CorrespondingSourceObject: {fileID: 0}
  m_PrefabInstance: {fileID: 0}
  m_PrefabAsset: {fileID: 0}
  serializedVersion: 6
  m_Component:
  - component: {fileID: 5185119921955585869}
  - component: {fileID: 2667309670341944194}
  - component: {fileID: 3517833247842174771}
  m_Layer: 0
  m_Name: turret_geo (1)
  m_TagString: Untagged
  m_Icon: {fileID: 0}
  m_NavMeshLayer: 0
  m_StaticEditorFlags: 0
  m_IsActive: 1
--- !u!4 &5185119921955585869
Transform:
  m_ObjectHideFlags: 0
  m_CorrespondingSourceObject: {fileID: 0}
  m_PrefabInstance: {fileID: 0}
  m_PrefabAsset: {fileID: 0}
  m_GameObject: {fileID: 3628154084077994747}
  m_LocalRotation: {x: -0, y: -0, z: -0, w: 1}
  m_LocalPosition: {x: -0.0006609803, y: 0.5877305, z: 0.37307072}
  m_LocalScale: {x: 0.602756, y: 0.602756, z: 0.60275614}
  m_Children: []
  m_Father: {fileID: 4590985713552738353}
  m_RootOrder: 1
  m_LocalEulerAnglesHint: {x: 0, y: 0, z: 0}
--- !u!33 &2667309670341944194
MeshFilter:
  m_ObjectHideFlags: 0
  m_CorrespondingSourceObject: {fileID: 0}
  m_PrefabInstance: {fileID: 0}
  m_PrefabAsset: {fileID: 0}
  m_GameObject: {fileID: 3628154084077994747}
  m_Mesh: {fileID: -5705234052949189590, guid: d7750c9a288f2f14ab6e873dc4881975, type: 3}
--- !u!23 &3517833247842174771
MeshRenderer:
  m_ObjectHideFlags: 0
  m_CorrespondingSourceObject: {fileID: 0}
  m_PrefabInstance: {fileID: 0}
  m_PrefabAsset: {fileID: 0}
  m_GameObject: {fileID: 3628154084077994747}
  m_Enabled: 1
  m_CastShadows: 1
  m_ReceiveShadows: 1
  m_DynamicOccludee: 1
  m_MotionVectors: 1
  m_LightProbeUsage: 1
  m_ReflectionProbeUsage: 1
  m_RayTracingMode: 2
  m_RenderingLayerMask: 1
  m_RendererPriority: 0
  m_Materials:
  - {fileID: 2100000, guid: 7717ae36e44303745b95d8dd79679797, type: 2}
  m_StaticBatchInfo:
    firstSubMesh: 0
    subMeshCount: 0
  m_StaticBatchRoot: {fileID: 0}
  m_ProbeAnchor: {fileID: 0}
  m_LightProbeVolumeOverride: {fileID: 0}
  m_ScaleInLightmap: 1
  m_ReceiveGI: 1
  m_PreserveUVs: 0
  m_IgnoreNormalsForChartDetection: 0
  m_ImportantGI: 0
  m_StitchLightmapSeams: 1
  m_SelectedEditorRenderState: 3
  m_MinimumChartSize: 4
  m_AutoUVMaxDistance: 0.5
  m_AutoUVMaxAngle: 89
  m_LightmapParameters: {fileID: 0}
  m_SortingLayerID: 0
  m_SortingLayer: 0
  m_SortingOrder: 0
--- !u!114 &-1763439943824743657
MonoBehaviour:
  m_ObjectHideFlags: 0
  m_CorrespondingSourceObject: {fileID: 0}
  m_PrefabInstance: {fileID: 0}
  m_PrefabAsset: {fileID: 0}
  m_GameObject: {fileID: 3753867888198128799}
  m_Enabled: 0
  m_EditorHideFlags: 0
  m_Script: {fileID: 11500000, guid: 72b69fba66916e246a356d57399aedcd, type: 3}
  m_Name: 
  m_EditorClassIdentifier: 
--- !u!114 &-1706595630083511925
MonoBehaviour:
  m_ObjectHideFlags: 0
  m_CorrespondingSourceObject: {fileID: 0}
  m_PrefabInstance: {fileID: 0}
  m_PrefabAsset: {fileID: 0}
  m_GameObject: {fileID: 3753867888198128799}
  m_Enabled: 1
  m_EditorHideFlags: 0
  m_Script: {fileID: 11500000, guid: cebb43f5faace614d9a4363363947038, type: 3}
  m_Name: 
  m_EditorClassIdentifier: 
  currentGridBelow: {fileID: 0}
  walkSpeed: 5
  walk: 0
  paused: 0
  destined: 0
  target: {fileID: 0}
  secondGrid: {fileID: 0}
  raycastTarget: {fileID: 0}
  hitObj: {fileID: 0}
  lastHitObj: {fileID: 0}
  rayCastLayer:
    serializedVersion: 2
    m_Bits: 2048
  movingRangeMax: 7
  movingRangeMin: 5
  cube: {fileID: 0}
  Attempts: 0
  redunduncy: 0
  alreadyOnExit: 0
--- !u!114 &5930747175765393210
MonoBehaviour:
  m_ObjectHideFlags: 0
  m_CorrespondingSourceObject: {fileID: 0}
  m_PrefabInstance: {fileID: 0}
  m_PrefabAsset: {fileID: 0}
  m_GameObject: {fileID: 3753867888198128799}
  m_Enabled: 1
  m_EditorHideFlags: 0
  m_Script: {fileID: 11500000, guid: 9ae415675aaee984ea9f08453423e639, type: 3}
  m_Name: 
  m_EditorClassIdentifier: 
  moverToAnyPoint: {fileID: 0}
  enemyPathFinding: {fileID: 0}
  enemyShooting: {fileID: 0}
  standingDuration: 3
  movingApproxDuration: 0
  swatUpperBody: {fileID: 0}
  swatUpperBodyTargetOffset: {x: 0, y: 0, z: 0}
--- !u!114 &6245835311604903054
MonoBehaviour:
  m_ObjectHideFlags: 0
  m_CorrespondingSourceObject: {fileID: 0}
  m_PrefabInstance: {fileID: 0}
  m_PrefabAsset: {fileID: 0}
  m_GameObject: {fileID: 3753867888198128799}
  m_Enabled: 1
  m_EditorHideFlags: 0
  m_Script: {fileID: 11500000, guid: b5ec3ee1173fe3b4da7c5320e24f7daf, type: 3}
  m_Name: 
  m_EditorClassIdentifier: 
  bodyToRotate: {fileID: 5797361217711674353}
  rotate: 0
  turretAim: 0
  tankTurret: {fileID: 977916683852938768}
  rotNeeded: 0
--- !u!1 &5708654528857887517
GameObject:
  m_ObjectHideFlags: 0
  m_CorrespondingSourceObject: {fileID: 0}
  m_PrefabInstance: {fileID: 0}
  m_PrefabAsset: {fileID: 0}
  serializedVersion: 6
  m_Component:
  - component: {fileID: 1202334960586321973}
  - component: {fileID: 4917999196407102104}
  - component: {fileID: 1128448658313970059}
  - component: {fileID: 3991931385212487871}
  m_Layer: 10
  m_Name: Cube (2)
  m_TagString: Untagged
  m_Icon: {fileID: 0}
  m_NavMeshLayer: 0
  m_StaticEditorFlags: 0
  m_IsActive: 1
--- !u!4 &1202334960586321973
Transform:
  m_ObjectHideFlags: 0
  m_CorrespondingSourceObject: {fileID: 0}
  m_PrefabInstance: {fileID: 0}
  m_PrefabAsset: {fileID: 0}
  m_GameObject: {fileID: 5708654528857887517}
  m_LocalRotation: {x: -0, y: -0, z: -0, w: 1}
  m_LocalPosition: {x: 0, y: 0.94, z: -0.1008}
  m_LocalScale: {x: 0.55201524, y: 1, z: 0.6592421}
  m_Children: []
  m_Father: {fileID: 723415929546899683}
  m_RootOrder: 0
  m_LocalEulerAnglesHint: {x: 0, y: 0, z: 0}
--- !u!33 &4917999196407102104
MeshFilter:
  m_ObjectHideFlags: 0
  m_CorrespondingSourceObject: {fileID: 0}
  m_PrefabInstance: {fileID: 0}
  m_PrefabAsset: {fileID: 0}
  m_GameObject: {fileID: 5708654528857887517}
  m_Mesh: {fileID: 10202, guid: 0000000000000000e000000000000000, type: 0}
--- !u!23 &1128448658313970059
MeshRenderer:
  m_ObjectHideFlags: 0
  m_CorrespondingSourceObject: {fileID: 0}
  m_PrefabInstance: {fileID: 0}
  m_PrefabAsset: {fileID: 0}
  m_GameObject: {fileID: 5708654528857887517}
  m_Enabled: 1
  m_CastShadows: 1
  m_ReceiveShadows: 1
  m_DynamicOccludee: 1
  m_MotionVectors: 1
  m_LightProbeUsage: 1
  m_ReflectionProbeUsage: 1
  m_RayTracingMode: 2
  m_RenderingLayerMask: 1
  m_RendererPriority: 0
  m_Materials:
  - {fileID: 2100000, guid: c62a6f55c1ee95c4f9636b50fb63ec9c, type: 2}
  m_StaticBatchInfo:
    firstSubMesh: 0
    subMeshCount: 0
  m_StaticBatchRoot: {fileID: 0}
  m_ProbeAnchor: {fileID: 0}
  m_LightProbeVolumeOverride: {fileID: 0}
  m_ScaleInLightmap: 1
  m_ReceiveGI: 1
  m_PreserveUVs: 0
  m_IgnoreNormalsForChartDetection: 0
  m_ImportantGI: 0
  m_StitchLightmapSeams: 1
  m_SelectedEditorRenderState: 3
  m_MinimumChartSize: 4
  m_AutoUVMaxDistance: 0.5
  m_AutoUVMaxAngle: 89
  m_LightmapParameters: {fileID: 0}
  m_SortingLayerID: 0
  m_SortingLayer: 0
  m_SortingOrder: 0
--- !u!65 &3991931385212487871
BoxCollider:
  m_ObjectHideFlags: 0
  m_CorrespondingSourceObject: {fileID: 0}
  m_PrefabInstance: {fileID: 0}
  m_PrefabAsset: {fileID: 0}
  m_GameObject: {fileID: 5708654528857887517}
  m_Material: {fileID: 0}
  m_IsTrigger: 0
  m_Enabled: 0
  serializedVersion: 2
  m_Size: {x: 1, y: 1, z: 1}
  m_Center: {x: 0, y: 0, z: 0}
--- !u!1 &5797361217711674353
GameObject:
  m_ObjectHideFlags: 0
  m_CorrespondingSourceObject: {fileID: 0}
  m_PrefabInstance: {fileID: 0}
  m_PrefabAsset: {fileID: 0}
  serializedVersion: 6
  m_Component:
  - component: {fileID: 5501193595133678617}
  m_Layer: 10
  m_Name: body
  m_TagString: Untagged
  m_Icon: {fileID: 0}
  m_NavMeshLayer: 0
  m_StaticEditorFlags: 0
  m_IsActive: 1
--- !u!4 &5501193595133678617
Transform:
  m_ObjectHideFlags: 0
  m_CorrespondingSourceObject: {fileID: 0}
  m_PrefabInstance: {fileID: 0}
  m_PrefabAsset: {fileID: 0}
  m_GameObject: {fileID: 5797361217711674353}
  m_LocalRotation: {x: 0, y: 0, z: 0, w: 1}
  m_LocalPosition: {x: 0, y: 0, z: 0}
  m_LocalScale: {x: 1, y: 1, z: 1}
  m_Children:
  - {fileID: 723415929546899683}
  - {fileID: 2651852985680224567}
  - {fileID: 4590985713552738353}
  m_Father: {fileID: 3753867888198128797}
  m_RootOrder: 4
  m_LocalEulerAnglesHint: {x: 0, y: 0, z: 0}
--- !u!1 &7547077272963524527
GameObject:
  m_ObjectHideFlags: 0
  m_CorrespondingSourceObject: {fileID: 0}
  m_PrefabInstance: {fileID: 0}
  m_PrefabAsset: {fileID: 0}
  serializedVersion: 6
  m_Component:
  - component: {fileID: 2645996334233228779}
  - component: {fileID: 1590807217685046414}
  - component: {fileID: 854826257411798318}
  m_Layer: 0
  m_Name: body_turret_geo (1)
  m_TagString: Untagged
  m_Icon: {fileID: 0}
  m_NavMeshLayer: 0
  m_StaticEditorFlags: 0
  m_IsActive: 1
--- !u!4 &2645996334233228779
Transform:
  m_ObjectHideFlags: 0
  m_CorrespondingSourceObject: {fileID: 0}
  m_PrefabInstance: {fileID: 0}
  m_PrefabAsset: {fileID: 0}
  m_GameObject: {fileID: 7547077272963524527}
  m_LocalRotation: {x: -0, y: -0, z: -0, w: 1}
  m_LocalPosition: {x: 0, y: 0.59448916, z: 0.026837619}
  m_LocalScale: {x: 0.602756, y: 0.602756, z: 0.60275614}
  m_Children: []
  m_Father: {fileID: 4590985713552738353}
  m_RootOrder: 0
  m_LocalEulerAnglesHint: {x: 0, y: 0, z: 0}
--- !u!33 &1590807217685046414
MeshFilter:
  m_ObjectHideFlags: 0
  m_CorrespondingSourceObject: {fileID: 0}
  m_PrefabInstance: {fileID: 0}
  m_PrefabAsset: {fileID: 0}
  m_GameObject: {fileID: 7547077272963524527}
  m_Mesh: {fileID: -8838862095956125265, guid: d7750c9a288f2f14ab6e873dc4881975, type: 3}
--- !u!23 &854826257411798318
MeshRenderer:
  m_ObjectHideFlags: 0
  m_CorrespondingSourceObject: {fileID: 0}
  m_PrefabInstance: {fileID: 0}
  m_PrefabAsset: {fileID: 0}
  m_GameObject: {fileID: 7547077272963524527}
  m_Enabled: 1
  m_CastShadows: 1
  m_ReceiveShadows: 1
  m_DynamicOccludee: 1
  m_MotionVectors: 1
  m_LightProbeUsage: 1
  m_ReflectionProbeUsage: 1
  m_RayTracingMode: 2
  m_RenderingLayerMask: 1
  m_RendererPriority: 0
  m_Materials:
  - {fileID: 2100000, guid: 7717ae36e44303745b95d8dd79679797, type: 2}
  m_StaticBatchInfo:
    firstSubMesh: 0
    subMeshCount: 0
  m_StaticBatchRoot: {fileID: 0}
  m_ProbeAnchor: {fileID: 0}
  m_LightProbeVolumeOverride: {fileID: 0}
  m_ScaleInLightmap: 1
  m_ReceiveGI: 1
  m_PreserveUVs: 0
  m_IgnoreNormalsForChartDetection: 0
  m_ImportantGI: 0
  m_StitchLightmapSeams: 1
  m_SelectedEditorRenderState: 3
  m_MinimumChartSize: 4
  m_AutoUVMaxDistance: 0.5
  m_AutoUVMaxAngle: 89
  m_LightmapParameters: {fileID: 0}
  m_SortingLayerID: 0
  m_SortingLayer: 0
  m_SortingOrder: 0
--- !u!1001 &4565475063424432304
PrefabInstance:
  m_ObjectHideFlags: 0
  serializedVersion: 2
  m_Modification:
    m_TransformParent: {fileID: 2651852985680224567}
    m_Modifications:
    - target: {fileID: -8679921383154817045, guid: d7750c9a288f2f14ab6e873dc4881975,
        type: 3}
      propertyPath: m_LocalPosition.x
      value: 0
      objectReference: {fileID: 0}
    - target: {fileID: -8679921383154817045, guid: d7750c9a288f2f14ab6e873dc4881975,
        type: 3}
      propertyPath: m_LocalPosition.y
      value: 0
      objectReference: {fileID: 0}
    - target: {fileID: -8679921383154817045, guid: d7750c9a288f2f14ab6e873dc4881975,
        type: 3}
      propertyPath: m_LocalPosition.z
      value: -0.01
      objectReference: {fileID: 0}
    - target: {fileID: -8679921383154817045, guid: d7750c9a288f2f14ab6e873dc4881975,
        type: 3}
      propertyPath: m_LocalRotation.x
      value: -0
      objectReference: {fileID: 0}
    - target: {fileID: -8679921383154817045, guid: d7750c9a288f2f14ab6e873dc4881975,
        type: 3}
      propertyPath: m_LocalRotation.y
      value: -0
      objectReference: {fileID: 0}
    - target: {fileID: -8679921383154817045, guid: d7750c9a288f2f14ab6e873dc4881975,
        type: 3}
      propertyPath: m_LocalRotation.z
      value: -0
      objectReference: {fileID: 0}
    - target: {fileID: -8679921383154817045, guid: d7750c9a288f2f14ab6e873dc4881975,
        type: 3}
      propertyPath: m_LocalRotation.w
      value: 1
      objectReference: {fileID: 0}
    - target: {fileID: -8679921383154817045, guid: d7750c9a288f2f14ab6e873dc4881975,
        type: 3}
      propertyPath: m_RootOrder
      value: 0
      objectReference: {fileID: 0}
    - target: {fileID: -8679921383154817045, guid: d7750c9a288f2f14ab6e873dc4881975,
        type: 3}
      propertyPath: m_LocalEulerAnglesHint.x
      value: 0
      objectReference: {fileID: 0}
    - target: {fileID: -8679921383154817045, guid: d7750c9a288f2f14ab6e873dc4881975,
        type: 3}
      propertyPath: m_LocalEulerAnglesHint.y
      value: 0
      objectReference: {fileID: 0}
    - target: {fileID: -8679921383154817045, guid: d7750c9a288f2f14ab6e873dc4881975,
        type: 3}
      propertyPath: m_LocalEulerAnglesHint.z
      value: 0
      objectReference: {fileID: 0}
    - target: {fileID: -8679921383154817045, guid: d7750c9a288f2f14ab6e873dc4881975,
        type: 3}
      propertyPath: m_LocalScale.x
      value: 0.602756
      objectReference: {fileID: 0}
    - target: {fileID: -8679921383154817045, guid: d7750c9a288f2f14ab6e873dc4881975,
        type: 3}
      propertyPath: m_LocalScale.y
      value: 0.602756
      objectReference: {fileID: 0}
    - target: {fileID: -8679921383154817045, guid: d7750c9a288f2f14ab6e873dc4881975,
        type: 3}
      propertyPath: m_LocalScale.z
      value: 0.602756
      objectReference: {fileID: 0}
    - target: {fileID: -8261091184606760960, guid: d7750c9a288f2f14ab6e873dc4881975,
        type: 3}
      propertyPath: m_Materials.Array.data[0]
      value: 
      objectReference: {fileID: 2100000, guid: 7717ae36e44303745b95d8dd79679797, type: 2}
    - target: {fileID: -2874140430555616633, guid: d7750c9a288f2f14ab6e873dc4881975,
        type: 3}
      propertyPath: m_Materials.Array.data[0]
      value: 
      objectReference: {fileID: 2100000, guid: 7717ae36e44303745b95d8dd79679797, type: 2}
    - target: {fileID: -1653339658224319712, guid: d7750c9a288f2f14ab6e873dc4881975,
        type: 3}
      propertyPath: m_IsActive
      value: 0
      objectReference: {fileID: 0}
    - target: {fileID: 919132149155446097, guid: d7750c9a288f2f14ab6e873dc4881975,
        type: 3}
      propertyPath: m_Name
      value: Dreadnaught
      objectReference: {fileID: 0}
    - target: {fileID: 2969947366641363643, guid: d7750c9a288f2f14ab6e873dc4881975,
        type: 3}
      propertyPath: m_IsActive
      value: 0
      objectReference: {fileID: 0}
    - target: {fileID: 3620956472125828117, guid: d7750c9a288f2f14ab6e873dc4881975,
        type: 3}
      propertyPath: m_Materials.Array.data[0]
      value: 
      objectReference: {fileID: 2100000, guid: 7717ae36e44303745b95d8dd79679797, type: 2}
    - target: {fileID: 4728438628283770397, guid: d7750c9a288f2f14ab6e873dc4881975,
        type: 3}
      propertyPath: m_Materials.Array.data[0]
      value: 
      objectReference: {fileID: 2100000, guid: 7717ae36e44303745b95d8dd79679797, type: 2}
    - target: {fileID: 4793927855869620087, guid: d7750c9a288f2f14ab6e873dc4881975,
        type: 3}
      propertyPath: m_IsActive
      value: 0
      objectReference: {fileID: 0}
    - target: {fileID: 5519851509655012604, guid: d7750c9a288f2f14ab6e873dc4881975,
        type: 3}
      propertyPath: m_Materials.Array.data[0]
      value: 
      objectReference: {fileID: 2100000, guid: 7717ae36e44303745b95d8dd79679797, type: 2}
    - target: {fileID: 6048563715504895905, guid: d7750c9a288f2f14ab6e873dc4881975,
        type: 3}
      propertyPath: m_IsActive
      value: 0
      objectReference: {fileID: 0}
    m_RemovedComponents: []
  m_SourcePrefab: {fileID: 100100000, guid: d7750c9a288f2f14ab6e873dc4881975, type: 3}
--- !u!4 &4094170208588816219 stripped
Transform:
  m_CorrespondingSourceObject: {fileID: -8679921383154817045, guid: d7750c9a288f2f14ab6e873dc4881975,
    type: 3}
  m_PrefabInstance: {fileID: 4565475063424432304}
  m_PrefabAsset: {fileID: 0}
--- !u!1001 &6719775869387361291
PrefabInstance:
  m_ObjectHideFlags: 0
  serializedVersion: 2
  m_Modification:
    m_TransformParent: {fileID: 2651852985680224567}
    m_Modifications:
    - target: {fileID: 1198231460011423545, guid: fef39fd8b59e2d74781d0d21830eacee,
        type: 3}
      propertyPath: speed
      value: 7
      objectReference: {fileID: 0}
    - target: {fileID: 1980304667359031142, guid: fef39fd8b59e2d74781d0d21830eacee,
        type: 3}
      propertyPath: m_LocalPosition.x
      value: 0.61
      objectReference: {fileID: 0}
    - target: {fileID: 1980304667359031142, guid: fef39fd8b59e2d74781d0d21830eacee,
        type: 3}
      propertyPath: m_LocalPosition.y
      value: 0
      objectReference: {fileID: 0}
    - target: {fileID: 1980304667359031142, guid: fef39fd8b59e2d74781d0d21830eacee,
        type: 3}
      propertyPath: m_LocalPosition.z
      value: 0
      objectReference: {fileID: 0}
    - target: {fileID: 1980304667359031142, guid: fef39fd8b59e2d74781d0d21830eacee,
        type: 3}
      propertyPath: m_LocalRotation.x
      value: 0
      objectReference: {fileID: 0}
    - target: {fileID: 1980304667359031142, guid: fef39fd8b59e2d74781d0d21830eacee,
        type: 3}
      propertyPath: m_LocalRotation.y
      value: 0
      objectReference: {fileID: 0}
    - target: {fileID: 1980304667359031142, guid: fef39fd8b59e2d74781d0d21830eacee,
        type: 3}
      propertyPath: m_LocalRotation.z
      value: 0
      objectReference: {fileID: 0}
    - target: {fileID: 1980304667359031142, guid: fef39fd8b59e2d74781d0d21830eacee,
        type: 3}
      propertyPath: m_LocalRotation.w
      value: 1
      objectReference: {fileID: 0}
    - target: {fileID: 1980304667359031142, guid: fef39fd8b59e2d74781d0d21830eacee,
        type: 3}
      propertyPath: m_RootOrder
      value: 2
      objectReference: {fileID: 0}
    - target: {fileID: 1980304667359031142, guid: fef39fd8b59e2d74781d0d21830eacee,
        type: 3}
      propertyPath: m_LocalEulerAnglesHint.x
      value: 0
      objectReference: {fileID: 0}
    - target: {fileID: 1980304667359031142, guid: fef39fd8b59e2d74781d0d21830eacee,
        type: 3}
      propertyPath: m_LocalEulerAnglesHint.y
      value: 0
      objectReference: {fileID: 0}
    - target: {fileID: 1980304667359031142, guid: fef39fd8b59e2d74781d0d21830eacee,
        type: 3}
      propertyPath: m_LocalEulerAnglesHint.z
      value: 0
      objectReference: {fileID: 0}
    - target: {fileID: 4234326362520714201, guid: fef39fd8b59e2d74781d0d21830eacee,
        type: 3}
      propertyPath: m_Name
      value: TankChainThread (1)
      objectReference: {fileID: 0}
    - target: {fileID: 4234326362520714201, guid: fef39fd8b59e2d74781d0d21830eacee,
        type: 3}
      propertyPath: m_IsActive
      value: 1
      objectReference: {fileID: 0}
    m_RemovedComponents: []
  m_SourcePrefab: {fileID: 100100000, guid: fef39fd8b59e2d74781d0d21830eacee, type: 3}
--- !u!4 &5060361626891903853 stripped
Transform:
  m_CorrespondingSourceObject: {fileID: 1980304667359031142, guid: fef39fd8b59e2d74781d0d21830eacee,
    type: 3}
  m_PrefabInstance: {fileID: 6719775869387361291}
  m_PrefabAsset: {fileID: 0}
--- !u!1001 &7262465753672024257
PrefabInstance:
  m_ObjectHideFlags: 0
  serializedVersion: 2
  m_Modification:
    m_TransformParent: {fileID: 2651852985680224567}
    m_Modifications:
    - target: {fileID: 1198231460011423545, guid: fef39fd8b59e2d74781d0d21830eacee,
        type: 3}
      propertyPath: speed
      value: 7
      objectReference: {fileID: 0}
    - target: {fileID: 1198231460011423545, guid: fef39fd8b59e2d74781d0d21830eacee,
        type: 3}
      propertyPath: left
      value: 1
      objectReference: {fileID: 0}
    - target: {fileID: 1980304667359031142, guid: fef39fd8b59e2d74781d0d21830eacee,
        type: 3}
      propertyPath: m_LocalPosition.x
      value: -0.61
      objectReference: {fileID: 0}
    - target: {fileID: 1980304667359031142, guid: fef39fd8b59e2d74781d0d21830eacee,
        type: 3}
      propertyPath: m_LocalPosition.y
      value: 0
      objectReference: {fileID: 0}
    - target: {fileID: 1980304667359031142, guid: fef39fd8b59e2d74781d0d21830eacee,
        type: 3}
      propertyPath: m_LocalPosition.z
      value: 0
      objectReference: {fileID: 0}
    - target: {fileID: 1980304667359031142, guid: fef39fd8b59e2d74781d0d21830eacee,
        type: 3}
      propertyPath: m_LocalRotation.x
      value: 0
      objectReference: {fileID: 0}
    - target: {fileID: 1980304667359031142, guid: fef39fd8b59e2d74781d0d21830eacee,
        type: 3}
      propertyPath: m_LocalRotation.y
      value: 0
      objectReference: {fileID: 0}
    - target: {fileID: 1980304667359031142, guid: fef39fd8b59e2d74781d0d21830eacee,
        type: 3}
      propertyPath: m_LocalRotation.z
      value: 0
      objectReference: {fileID: 0}
    - target: {fileID: 1980304667359031142, guid: fef39fd8b59e2d74781d0d21830eacee,
        type: 3}
      propertyPath: m_LocalRotation.w
      value: 1
      objectReference: {fileID: 0}
    - target: {fileID: 1980304667359031142, guid: fef39fd8b59e2d74781d0d21830eacee,
        type: 3}
      propertyPath: m_RootOrder
      value: 1
      objectReference: {fileID: 0}
    - target: {fileID: 1980304667359031142, guid: fef39fd8b59e2d74781d0d21830eacee,
        type: 3}
      propertyPath: m_LocalEulerAnglesHint.x
      value: 0
      objectReference: {fileID: 0}
    - target: {fileID: 1980304667359031142, guid: fef39fd8b59e2d74781d0d21830eacee,
        type: 3}
      propertyPath: m_LocalEulerAnglesHint.y
      value: 0
      objectReference: {fileID: 0}
    - target: {fileID: 1980304667359031142, guid: fef39fd8b59e2d74781d0d21830eacee,
        type: 3}
      propertyPath: m_LocalEulerAnglesHint.z
      value: 0
      objectReference: {fileID: 0}
    - target: {fileID: 4234326362520714201, guid: fef39fd8b59e2d74781d0d21830eacee,
        type: 3}
      propertyPath: m_Name
      value: TankChainThread
      objectReference: {fileID: 0}
    - target: {fileID: 4234326362520714201, guid: fef39fd8b59e2d74781d0d21830eacee,
        type: 3}
      propertyPath: m_IsActive
      value: 1
      objectReference: {fileID: 0}
    m_RemovedComponents: []
  m_SourcePrefab: {fileID: 100100000, guid: fef39fd8b59e2d74781d0d21830eacee, type: 3}
--- !u!4 &9201419761709494183 stripped
Transform:
  m_CorrespondingSourceObject: {fileID: 1980304667359031142, guid: fef39fd8b59e2d74781d0d21830eacee,
    type: 3}
  m_PrefabInstance: {fileID: 7262465753672024257}
  m_PrefabAsset: {fileID: 0}
--- !u!1001 &7675116654749357823
PrefabInstance:
  m_ObjectHideFlags: 0
  serializedVersion: 2
  m_Modification:
    m_TransformParent: {fileID: 0}
    m_Modifications:
    - target: {fileID: -937838303933538064, guid: 63cf868e479ae8644a7997a2e8fa26bf,
        type: 3}
      propertyPath: enemyType
      value: 8
      objectReference: {fileID: 0}
    - target: {fileID: 224405106355780749, guid: 63cf868e479ae8644a7997a2e8fa26bf,
        type: 3}
      propertyPath: m_AnchorMax.x
      value: 0
      objectReference: {fileID: 0}
    - target: {fileID: 224405106355780749, guid: 63cf868e479ae8644a7997a2e8fa26bf,
        type: 3}
      propertyPath: m_AnchorMax.y
      value: 0
      objectReference: {fileID: 0}
    - target: {fileID: 1404252172040212237, guid: 63cf868e479ae8644a7997a2e8fa26bf,
        type: 3}
      propertyPath: m_Enabled
      value: 0
      objectReference: {fileID: 0}
    - target: {fileID: 3617793718245023657, guid: 63cf868e479ae8644a7997a2e8fa26bf,
        type: 3}
      propertyPath: m_Enabled
      value: 0
      objectReference: {fileID: 0}
    - target: {fileID: 6320266610229494773, guid: 63cf868e479ae8644a7997a2e8fa26bf,
        type: 3}
      propertyPath: m_Enabled
      value: 0
      objectReference: {fileID: 0}
    - target: {fileID: 6451710326627738453, guid: 63cf868e479ae8644a7997a2e8fa26bf,
        type: 3}
      propertyPath: m_Enabled
      value: 0
      objectReference: {fileID: 0}
    - target: {fileID: 6538501492602330090, guid: 63cf868e479ae8644a7997a2e8fa26bf,
        type: 3}
      propertyPath: m_Enabled
      value: 1
      objectReference: {fileID: 0}
    - target: {fileID: 6538501492602330090, guid: 63cf868e479ae8644a7997a2e8fa26bf,
        type: 3}
      propertyPath: enemyMaxHealthValue
      value: 500
      objectReference: {fileID: 0}
    - target: {fileID: 6817067862371892002, guid: 63cf868e479ae8644a7997a2e8fa26bf,
        type: 3}
      propertyPath: m_Enabled
      value: 0
      objectReference: {fileID: 0}
    - target: {fileID: 6817067862496019040, guid: 63cf868e479ae8644a7997a2e8fa26bf,
        type: 3}
      propertyPath: m_Name
      value: enemyBOSSTank Variant
      objectReference: {fileID: 0}
    - target: {fileID: 6817067862496019042, guid: 63cf868e479ae8644a7997a2e8fa26bf,
        type: 3}
      propertyPath: m_LocalPosition.x
      value: 0
      objectReference: {fileID: 0}
    - target: {fileID: 6817067862496019042, guid: 63cf868e479ae8644a7997a2e8fa26bf,
        type: 3}
      propertyPath: m_LocalPosition.y
      value: 0
      objectReference: {fileID: 0}
    - target: {fileID: 6817067862496019042, guid: 63cf868e479ae8644a7997a2e8fa26bf,
        type: 3}
      propertyPath: m_LocalPosition.z
      value: 0
      objectReference: {fileID: 0}
    - target: {fileID: 6817067862496019042, guid: 63cf868e479ae8644a7997a2e8fa26bf,
        type: 3}
      propertyPath: m_LocalRotation.x
      value: 0
      objectReference: {fileID: 0}
    - target: {fileID: 6817067862496019042, guid: 63cf868e479ae8644a7997a2e8fa26bf,
        type: 3}
      propertyPath: m_LocalRotation.y
      value: 0
      objectReference: {fileID: 0}
    - target: {fileID: 6817067862496019042, guid: 63cf868e479ae8644a7997a2e8fa26bf,
        type: 3}
      propertyPath: m_LocalRotation.z
      value: 0
      objectReference: {fileID: 0}
    - target: {fileID: 6817067862496019042, guid: 63cf868e479ae8644a7997a2e8fa26bf,
        type: 3}
      propertyPath: m_LocalRotation.w
      value: 1
      objectReference: {fileID: 0}
    - target: {fileID: 6817067862496019042, guid: 63cf868e479ae8644a7997a2e8fa26bf,
        type: 3}
      propertyPath: m_RootOrder
      value: 0
      objectReference: {fileID: 0}
    - target: {fileID: 6817067862496019042, guid: 63cf868e479ae8644a7997a2e8fa26bf,
        type: 3}
      propertyPath: m_LocalEulerAnglesHint.x
      value: 0
      objectReference: {fileID: 0}
    - target: {fileID: 6817067862496019042, guid: 63cf868e479ae8644a7997a2e8fa26bf,
        type: 3}
      propertyPath: m_LocalEulerAnglesHint.y
      value: 0
      objectReference: {fileID: 0}
    - target: {fileID: 6817067862496019042, guid: 63cf868e479ae8644a7997a2e8fa26bf,
        type: 3}
      propertyPath: m_LocalEulerAnglesHint.z
      value: 0
      objectReference: {fileID: 0}
    - target: {fileID: 6817067862496019043, guid: 63cf868e479ae8644a7997a2e8fa26bf,
        type: 3}
      propertyPath: bossSwat
      value: 0
      objectReference: {fileID: 0}
    - target: {fileID: 6817067862496019043, guid: 63cf868e479ae8644a7997a2e8fa26bf,
        type: 3}
      propertyPath: m_Enabled
      value: 1
      objectReference: {fileID: 0}
    - target: {fileID: 6817067862496019043, guid: 63cf868e479ae8644a7997a2e8fa26bf,
        type: 3}
      propertyPath: bossTank
      value: 1
      objectReference: {fileID: 0}
    - target: {fileID: 6817067862496019068, guid: 63cf868e479ae8644a7997a2e8fa26bf,
        type: 3}
      propertyPath: m_Enabled
      value: 1
      objectReference: {fileID: 0}
    - target: {fileID: 7224667361604038863, guid: 63cf868e479ae8644a7997a2e8fa26bf,
        type: 3}
      propertyPath: m_Enabled
      value: 0
      objectReference: {fileID: 0}
    - target: {fileID: 8289385488429141824, guid: 63cf868e479ae8644a7997a2e8fa26bf,
        type: 3}
      propertyPath: m_Enabled
      value: 1
      objectReference: {fileID: 0}
    - target: {fileID: 8696256018264127441, guid: 63cf868e479ae8644a7997a2e8fa26bf,
        type: 3}
      propertyPath: m_Enabled
      value: 0
      objectReference: {fileID: 0}
    m_RemovedComponents: []
  m_SourcePrefab: {fileID: 100100000, guid: 63cf868e479ae8644a7997a2e8fa26bf, type: 3}
--- !u!4 &3753867888198128797 stripped
Transform:
  m_CorrespondingSourceObject: {fileID: 6817067862496019042, guid: 63cf868e479ae8644a7997a2e8fa26bf,
    type: 3}
  m_PrefabInstance: {fileID: 7675116654749357823}
  m_PrefabAsset: {fileID: 0}
--- !u!1 &3753867888198128799 stripped
GameObject:
  m_CorrespondingSourceObject: {fileID: 6817067862496019040, guid: 63cf868e479ae8644a7997a2e8fa26bf,
    type: 3}
  m_PrefabInstance: {fileID: 7675116654749357823}
  m_PrefabAsset: {fileID: 0}
